<?xml version="1.0" encoding="UTF-8"?><record xmlns="http://www.loc.gov/MARC21/slim" xmlns:cinclude="http://apache.org/cocoon/include/1.0" xmlns:zs="http://www.loc.gov/zing/srw/">
  <leader>00412nz  a2200133n  4500</leader>
  <controlfield tag="001">no2008116618</controlfield>
  <controlfield tag="003">DLC</controlfield>
  <controlfield tag="005">20080814080835.0</controlfield>
  <controlfield tag="008">080806n| acannaabn          |n aaa     c</controlfield>
  <datafield tag="010" ind1=" " ind2=" ">
    <subfield code="a">no2008116618</subfield>
  </datafield>
  <datafield tag="035" ind1=" " ind2=" ">
    <subfield code="a">(OCoLC)oca07847012</subfield>
  </datafield>
  <datafield tag="040" ind1=" " ind2=" ">
    <subfield code="a">InNd</subfield>
    <subfield code="b">eng</subfield>
    <subfield code="c">InNd</subfield>
  </datafield>
  <datafield tag="100" ind1="1" ind2=" ">
    <subfield code="a">Green, Jeffrey H.</subfield>
    <subfield code="q">(Jeffrey Howard)</subfield>
  </datafield>
  <datafield tag="670" ind1=" " ind2=" ">
    <subfield code="a">Work for a new theory of modality, 2007:</subfield>
    <subfield code="b">t.p. (Jeffrey H. Green) ETD t.p. (Green, Jeffrey Howard)</subfield>
  </datafield>
</record>